% sample BibTeX reference database for use with nato-rto-latex's sample.tex

@book{Wu2009,
      author = {Wu, C. F. Jeff and Hamada, Michael S.},
      title = {Experiments: Planning, Analysis, and Optimization},
      publisher = {John Wiley \& Sons},
      series = {Wiley Series in Probability and Statistics},
      year = 2009,
      isbn = {978-0-471-69946-0},
      month = {Aug}
}


@Article{panesi2012,
  author = 	 {Panesi, Marco and Miki, Kenji and Prudhomme, Serge and Brandis, A.},
  title = 	 {On the assessment of a {B}ayesian validation methodology for data reduction models relevant to shock tube experiments},
  journal = {Computer Methods in Applied Mechanics and Engineering},
  year = 	 2012,
  volume =	 {213-216},
  pages =	 {383--398}
}

@Misc{PrudencioSchulz2011,
   Author = {Prudencio, E. and Schulz, K. },
   Title      = "The Parallel {C++} Statistical Library {QUESO}: {Q}uantification of Uncertainty for Estimation, 
                     Simulation and Optimization",
   Note     = "IEEE IPDPS, 2011, Submitted"}


@INPROCEEDINGS{brett09,
  author = {Cruden, B. and Martinez, R. and Grinstead, J. and Olejniczak, J.},
  title = {Simultaneous Vacuum-Ultraviolet Through Near-{IR} Absolute Radiation Measurement with Spatiotemporal
  Resolution in An Electric Arc Shock Tube},
  booktitle =    {Proceedings of 41st AIAA Thermophysics Conference},
  year = {2009},
}
	
@incollection{OrBe01,
  author = "Naomi Oreskes and Kenneth Belitz",
  title = "{P}hilosophical {I}ssues in {M}odel {A}ssesment",
  booktitle = "Model Validation: Perspectives in Hydrological Science",
  publisher = "John Wiley \& Sons, Ltd.",
  year = "2001",
    editor = "M. G. Anderson and P. D. Bates",
    volume = "",
    number = "",
    pages = "23-41"
}

@techreport{ObTr07,
  author = "William L. Oberkampf and Timothy G. Trucano",
  title = "{V}erification and {V}alidation {B}enchmarks",
  institution = "Sandia National Laboratories",
  year = "2007",
    number = "SAND2007-0853",
    note = "Unlimited Release"
}


@InProceedings{johnstonReno,
  author    = "{C}. Johnston",
  title     = "A Comparison of the East Shock-Tube Data with a New Air Radiation Model",
  journal   = "46th AIAA Aerospace Sciences Meeting and Exhibit", 
  booktitle = "AIAA",
  year      = "2008", 
  address   = "{Reno, Nevada}",
  month     = "{January}",
  pages     = "AIAA 2008-1245"
}

@conference{Nagib_2004_High_Re_Turb_BL,
  author    = {H.~M.~Nagib and C.~Christophorou and P.~A.~Monkewitz},
  title     = {High {R}eynolds Number Turbulent Boundary Layers Subjected to Various Pressure Gradients},
  booktitle = {{IUTAM} Symposium on One Hundred Years of Boundary Layer Research},
  month     = {August},
  year      = {2004},
}